<record><leader>00000cas a22000007a 4500</leader><controlfield tag="001">13978551</controlfield><controlfield tag="008">860729d19uu192utxuwr ne      0    0eng d</controlfield><datafield ind1=" " ind2=" " tag="010"><subfield code="a">sn 86088116 </subfield></datafield><datafield ind1=" " ind2=" " tag="040"><subfield code="a">PPM</subfield><subfield code="b">eng</subfield><subfield code="c">PPM</subfield><subfield code="d">OCLCQ</subfield></datafield><datafield ind1=" " ind2=" " tag="042"><subfield code="a">msc</subfield></datafield><datafield ind1="0" ind2="4" tag="245"><subfield code="a">The Ward County news.</subfield></datafield><datafield ind1=" " ind2=" " tag="260"><subfield code="a">Barstow, Tex. :</subfield><subfield code="b">W.N. Townley</subfield></datafield><datafield ind1=" " ind2=" " tag="300"><subfield code="a">v. :</subfield><subfield code="b">ill.</subfield></datafield><datafield ind1=" " ind2=" " tag="310"><subfield code="a">Weekly</subfield></datafield><datafield ind1=" " ind2=" " tag="500"><subfield code="a">Continues numbering of "West Texas journal."</subfield></datafield><datafield ind1=" " ind2=" " tag="588"><subfield code="a">Description based on: Vol. 19, no. 12 (Jan. 2, 1920).</subfield></datafield><datafield ind1=" " ind2=" " tag="752"><subfield code="a">United States</subfield><subfield code="b">Texas</subfield><subfield code="c">Ward</subfield><subfield code="d">Barstow.</subfield></datafield><datafield ind1="0" ind2="0" tag="780"><subfield code="t">West Texas journal</subfield><subfield code="w">(DLC)sn 86088319</subfield></datafield><datafield ind1="0" ind2="7" tag="785"><subfield code="t">Pyote signal</subfield><subfield code="w">(DLC)sn 87090045</subfield></datafield><datafield ind1="0" ind2="7" tag="785"><subfield code="t">Pyote signal and Ward County news</subfield><subfield code="w">(DLC)sn 86089980</subfield></datafield></record>